% This file was created with JabRef 2.10.
% Encoding: UTF-8


@Manual{RCoreTeam2019,
  Title                    = {R: A Language and Environment for Statistical Computing},

  Address                  = {Vienna, Austria},
  Author                   = {{R Core Team}},
  Organization             = {R Foundation for Statistical Computing},
  Year                     = {2019},

  Url                      = {https://www.R-project.org/}
}

