@article{hamada2017survival,
  title={Survival of pathogenic Colletotrichum isolates on dormant buds, twigs and fallen leaves of apple trees in commercial orchards},
  author={Hamada, NA and De Mio, LL May and others},
  journal={Fruits},
  volume={72},
  number={3},
  pages={158--165},
  year={2017}
}

@article{hamada2019pathogen,
  title={Pathogen dispersal and Glomerella leaf spot progress within apple canopy in Brazil},
  author={Hamada, Natasha Akemi and Moreira, Rafaele Regina and Nesi, Cristiano Nunes and May De Mio, Louise Larissa},
  journal={Plant disease},
  volume={103},
  number={12},
  pages={3209--3217},
  year={2019},
  publisher={Am Phytopath Society}
}

@article{kowata2010glomerella,
  title={Glomerella leaf spot in apple: validation of proposed diagrammatic scale and efficiency of fungicides},
  author={Kowata, L{\'\i}gia Sayko and Strapasson, Michele and Challiol, M{\'a}rcio Alberto and Mio, May-De and Larissa, Louise},
  journal={Ci{\^e}ncia Rural},
  volume={40},
  number={7},
  pages={1502--1508},
  year={2010},
  publisher={SciELO Brasil}
}

@article{madden2007study,
  title={The study of plant disease epidemics},
  author={Madden, Laurence V and Hughes, Gareth and Van Den Bosch, Frank},
  year={2007},
  publisher={Am Phytopath Society}
}

@article{molenberghs2001review,
  title={A review on linear mixed models for longitudinal data, possibly subject to dropout},
  author={Molenberghs, Geert and Verbeke, Geert},
  journal={Statistical Modelling},
  volume={1},
  number={4},
  pages={235--269},
  year={2001},
  publisher={Sage Publications Sage CA: Thousand Oaks, CA}
}

@article{moreira2020comparative,
  title={Comparative epidemiology of three Colletotrichum species complex causing Glomerella leaf spot on apple},
  author={Moreira, Rafaele Regina and Bergamin Filho, Armando and Zeviani, Walmes Marques and De Mio, Louise Larissa May},
  journal={European Journal of Plant Pathology},
  volume={158},
  number={2},
  pages={473--484},
  year={2020},
  publisher={Springer}
}

@article{pinheiro2006nlme,
  title={nlme: Linear and nonlinear mixed effects models},
  author={Pinheiro, Jose and Bates, Douglas and DebRoy, Saikat and Sarkar, Deepayan and Team, R Core},
  journal={R package version},
  volume={3},
  number={4},
  pages={109},
  year={2006}
}

@article{team2013r,
  title={R: A language and environment for statistical computing},
  author={Team, R Core and others},
  year={2013},
  publisher={Vienna, Austria}
}