@article{Beresford2011,
  doi = {10.1094/phyto-05-10-0137},
  url = {https://doi.org/10.1094/phyto-05-10-0137},
  year = {2011},
  month = jan,
  publisher = {Scientific Societies},
  volume = {101},
  number = {1},
  pages = {135--146},
  author = {Robert M. Beresford and Kwang Soo Kim},
  title = {Identification of Regional Climatic Conditions Favorable for Development of {European Canker of Apple}},
  journal = {Phytopathology}
}

@article{Latorre2002,
  doi = {10.1016/s0261-2194(01)00099-0},
  url = {https://doi.org/10.1016/s0261-2194(01)00099-0},
  year = {2002},
  month = may,
  publisher = {Elsevier {BV}},
  volume = {21},
  number = {4},
  pages = {285--291},
  author = {B.A Latorre and M.E Rioja and C Lillo and M Mu{\~{n}}oz},
  title = {The effect of temperature and wetness duration on infection and a warning system for {European Canker} ({\it Nectria galligena}) of apple in {C}hile},
  journal = {Crop Protection}
}
@article{Flack1977,
  doi = {10.1016/s0007-1536(77)80007-7},
  url = {https://doi.org/10.1016/s0007-1536(77)80007-7},
  year = {1977},
  month = apr,
  publisher = {Elsevier {BV}},
  volume = {68},
  number = {2},
  pages = {185--192},
  author = {N.J. Flack and T.R. Swinburne},
  title = {Host range of {\it Nectria galligena} Bres. and the pathogenicity of some {Northern Ireland} isolates},
  journal = {Transactions of the British Mycological Society}
}
@article{Weber2014,
  doi = {10.1007/s10341-014-0210-x},
  url = {https://doi.org/10.1007/s10341-014-0210-x},
  year = {2014},
  month = jul,
  publisher = {Springer Science and Business Media {LLC}},
  volume = {56},
  number = {3},
  pages = {95--107},
  author = {R.W.S. Weber},
  title = {Biology and control of the apple canker fungus {\it Neonectria ditissima} (syn. {\it N. {g}alligena}) from a {Northwestern European} perspective},
  journal = {Erwerbs-Obstbau}
}

@TECHREPORT {EmbrapaCancro2015,
    author      = "Alves, Silvio Andre Meirelles and Czermainski, Ana Beatriz Costa",
    title       = "Controle do {Cancro Europeu} das Pomáceas com Base no Novo Ciclo Neonectria ditissima - Macieira, nas Condições do {B}rasil",
    institution = "Embrapa  Uva e Vinho",
    year        = "2015",
    address     = "https://www.embrapa.br/busca-de-publicacoes/-/publicacao/1027351/controle-do-cancro-europeu-das-pomaceas-com-base-no-novo-ciclo-neonectria-ditissima---macieira-nas-condicoes-do-brasil"
}