@article{Lichtemberg2018,
  doi = {10.3733/ca.2018a0022},
  url = {https://doi.org/10.3733/ca.2018a0022},
  year = {2018},
  publisher = {University of California Agriculture and Natural Resources ({UC} {ANR})},
  pages = {1--9},
  author = {Paulo Lichtemberg and Ryan Puckett and Daniel Felts and Yong Luo and Lorene Doster and David Rodriguez and Themis Michailides},
  title = {Survey of the pathogen of Alternaria late blight reveals different levels of carboxamide fungicide resistance on the main pistachio producing regions of California},
  journal = {California Agriculture}}

@incollection{Alfenas2007,
    author = {Alfenas, A.C.; Ferreira, F.A.; Mafia, R.G.; Gonçalves, R.C.}, 
    title = {Isolamento de Fungos Fitopatogênicos},
    editor = {Alfenas, A.C.; Mafia, R.G.},
    booktitle = {Métodos em fitopatologia},
    chapter = {2},
    pages = {53--90},
    publisher = {Editora UFV},
    address = {Viçosa},
    year = {2007},
    isbn = {9788572693028}}

@article{Pryor2002,
  doi = {10.1094/phyto.2002.92.4.406},
  url = {https://doi.org/10.1094/phyto.2002.92.4.406},
  year = {2002},
  month = apr,
  publisher = {Scientific Societies},
  volume = {92},
  number = {4},
  pages = {406--416},
  author = {Barry M. Pryor and Themis J. Michailides},
  title = {Morphological,  Pathogenic,  and Molecular Characterization of $\less$i$\greater$Alternaria$\less$/i$\greater$ Isolates Associated with Alternaria Late Blight of Pistachio},
  journal = {Phytopathology{\textregistered}}}

@article{TorresLondoo2016,
  doi = {10.1094/php-rs-16-0020},
  url = {https://doi.org/10.1094/php-rs-16-0020},
  year = {2016},
  month = jan,
  publisher = {Scientific Societies},
  volume = {17},
  number = {3},
  pages = {188--194},
  author = {Gabriel Andr{\'{e}}s Torres-Londo{\~{n}}o and Mary Hausbeck and Jianjun Hao},
  title = {{ECX}: An R Package for Studying Sensitivity of Antimicrobial Substances Using Spiral Plating Technology},
  journal = {Plant Health Progress}}
  
  @book{Agrios2005,
    title = {Plant Pathology},
    author = {George N. Agrios},
    year = {2005},
    month = {01},
    day = {25},
    pagecount = {952},
    isbn = {9780080473789}}

@incollection{Leadbeater2019a,
    author = {Andrew Leadbeater; Margaret T. McGrath; Christian A Wyenandt; Katherine L. Stevenson},
    title = {An Overview of Fungicide Resistance and Resistance Management: History and Future Trends},
    editor = {Katherine L. Stevenson, Margaret T. McGrath, Christian A. Wyenandt},
    booktitle = {Fungicide Resistance in North America},
    chapter = {1}, 
    pages = {3--9},
    publisher = {The American Phytopathological Society},
    address = {St. Paul},   
    year = {2019},
    isbn = {9780890546222}}

@incollection{Leadbeater2019b,
    author = {Andrew Leadbeater},
    title = {The Contribution of FRAC to Resistance Management: Science, Practice, and Politics},
    editor = {Katherine L. Stevenson, Margaret T. McGrath, Christian A. Wyenandt},
    booktitle = {Fungicide Resistance in North America},
    chapter = {2}, 
    pages = {21--26},
    publisher = {The American Phytopathological Society},
    address = {St. Paul},   
    year = {2019},
    isbn = {9780890546222}}

@incollection{PascheGudmestad2019,
    author = {Pasche, J.S.; Gudmestad, N. C.},
    title = {Laboratory Methods for Evaluating Fungicide Resistance In Vitro},
    editor = {Katherine L. Stevenson, Margaret T. McGrath, Christian A. Wyenandt},
    booktitle = {Fungicide Resistance in North America},
    chapter = {13}, 
    pages = {161--173},
    publisher = {The American Phytopathological Society},
    address = {St. Paul},   
    year = {2019},
    isbn = {9780890546222}}

@book{Russell2002,
    title = {Sensitivity baselines in fungicide resistance research and management},
    author = {Russell, P. E.},
    year = {2002},
    pagecount = {60}}

@article{Lichtemberg2017,
  doi = {10.1094/PHYTO-107-12-S5.1},
  url = {https://doi.org/10.1094/PHYTO-107-12-S5.1},
  year = {2017},
  month = dez,
  publisher = {American Phytopathological Society},
  volume = {107},
  number = {12S},
  pages = {S5.6--S5.7},
  author = {Paulo S. F. Lichtemberg, Walmes M. Zeviani, Themis J. Michailides},
  title = {Spline regression providing the area under the sensitivity curve as an alternative for the EC50 values on fungicide resistance studies},
  journal = {Phytopathology Abstr.}}

@book{Lawrence2001,
    title = {Spline Regression Models},
    author = {Lawrence C. Marsh and David R. Cormier},
    year = {2001},
    month = {09},
    day = {14},
    pagecount = {69},
    isbn = {9780761924203}}


