% Encoding: UTF-8

@Manual{russell,
  title        = {Sensitivity Baselines in Fungicides Resistance Research and Management},
  author       = {Russell, P. E.},
  organization = {FRAC Monograph},
  address      = {Gog Magog House 263A Hinton Way Great Shelford Cambridge CB2 5AN, UK},
  edition      = {3},
  year         = {2004},
  note         = {Printed by AIMPRINT in the United Kingdom},
}


@Article{ghinirekimatih2000,
  author  = {Ghini, R. and Kimati, H},
  title   = {Resistência de fungos a fungicidas},
  journal = {Embrapa Meio Ambiente},
  year    = {2000},
  pages   = {78p},
  comment = {Isso é um artigo ou boletim técnico?},
}


@InBook{lichtemberg2016,
  pages     = {145-173},
  title     = {Resistência de {\it Monilinia} spp. aos fungicidas dos grupos dos inibidores da desmetilação (IDM), dos inibidores da quinona externa (IQE) e dos metilo benzimidazol carbamatos (MBC).},
  publisher = {Precisa completar essa informação},
  year      = {2016},
  author    = {Lichtemberg, Paulo and Primiano, Isabela and Muehlmann Fischer, Juliana and Glienke, Chirlei and Amorim, Lilian and May-De Mio, Louise},
  month     = {08},
  isbn      = {0104-0383},
  comment   = {Referência está incompleta. Precisa completar o publisher},
}

@Article{maydemio2011,
  author    = {Louise L. {May De Mio} and Yong Luo and Themis J. Michailides},
  title     = {Sensitivity of {\it {Monilinia} fructicola} from Brazil to Tebuconazole, Azoxystrobin, and Thiophanate-Methyl and Implications for Disease Management},
  journal   = {Plant Disease},
  year      = {2011},
  volume    = {95},
  number    = {7},
  pages     = {821--827},
  month     = jul,
  doi       = {10.1094/pdis-07-10-0511},
  publisher = {Scientific Societies},
  url       = {https://doi.org/10.1094/pdis-07-10-0511},
}

@Comment{jabref-meta: databaseType:bibtex;}



@Manual{R,
    title = {R: A Language and Environment for Statistical Computing},
    author = {{R Development Core Team}},
    organization = {R Foundation for Statistical Computing},
    address = {Vienna, Austria},
    year = {2019},
    note = {{ISBN} 3-900051-07-0},
    url = {http://www.R-project.org},
  }

@article{Zhang2016,
  doi = {10.21037/atm.2016.08.45},
  url = {https://doi.org/10.21037/atm.2016.08.45},
  year = {2016},
  month = dec,
  publisher = {{AME} Publishing Company},
  volume = {4},
  number = {24},
  pages = {484--484},
  author = {Zhongheng Zhang},
  title = {Parametric regression model for survival data: Weibull regression model as an example},
  journal = {Annals of Translational Medicine}
}