@article{Bardsley2012,
  doi = {10.1111/j.1365-3059.2012.02651.x},
  url = {https://doi.org/10.1111/j.1365-3059.2012.02651.x},
  year = {2012},
  month = jul,
  publisher = {Wiley},
  volume = {62},
  number = {2},
  pages = {460--474},
  author = {S. J. Bardsley and H. K. Ngugi},
  title = {Reliability and accuracy of visual methods to quantify severity of foliar bacterial spot symptoms on peach and nectarine},
  journal = {Plant Pathology}
}

@article{Bock2010,
  doi = {10.1080/07352681003617285},
  url = {https://doi.org/10.1080/07352681003617285},
  year = {2010},
  month = mar,
  publisher = {Informa {UK} Limited},
  volume = {29},
  number = {2},
  pages = {59--107},
  author = {C. H. Bock and G. H. Poole and P. E. Parker and T. R. Gottwald},
  title = {Plant Disease Severity Estimated Visually,  by Digital Photography and Image Analysis,  and by Hyperspectral Imaging},
  journal = {Critical Reviews in Plant Sciences}
}

@article{CostaLage2015,
  doi = {10.1016/j.cropro.2014.09.014},
  url = {https://doi.org/10.1016/j.cropro.2014.09.014},
  year = {2015},
  month = jan,
  publisher = {Elsevier {BV}},
  volume = {67},
  pages = {26--34},
  author = {Daniel A. Costa Lage and Waldir A. Marouelli and Henrique da S. S. Duarte and Adalberto C. Caf{\'{e}}-Filho},
  title = {Standard area diagrams for assessment of powdery mildew severity on tomato leaves and leaflets},
  journal = {Crop Protection}
}

@article{Lin1989,
  doi = {10.2307/2532051},
  url = {https://doi.org/10.2307/2532051},
  year = {1989},
  month = mar,
  publisher = {{JSTOR}},
  volume = {45},
  number = {1},
  pages = {255},
  author = {Lawrence I-Kuei Lin},
  title = {A Concordance Correlation Coefficient to Evaluate Reproducibility},
  journal = {Biometrics}
}

@book{Madden2017,
  doi = {10.1094/9780890545058},
  url = {https://doi.org/10.1094/9780890545058},
  year = {2017},
  month = aug,
  publisher = {The American Phytopathological Society},
  author = {Laurence V. Madden and Gareth Hughes and Frank van den Bosch},
  title = {The Study of Plant Disease Epidemics}
}

@article{Moreira2018,
  doi = {10.1007/s10658-018-01610-0},
  url = {https://doi.org/10.1007/s10658-018-01610-0},
  year = {2018},
  month = oct,
  publisher = {Springer Science and Business Media {LLC}},
  volume = {153},
  number = {3},
  pages = {975--982},
  author = {Rafaele Regina Moreira and Henrique da Silva Silveira Duarte and Louise Larissa May De Mio},
  title = {Improving accuracy,  precision and reliability of severity estimates of Glomerella leaf spot on apple leaves using a new standard area diagram set},
  journal = {European Journal of Plant Pathology}
}

@article{Nita2003,
  doi = {10.1094/phyto.2003.93.8.995},
  url = {https://doi.org/10.1094/phyto.2003.93.8.995},
  year = {2003},
  month = aug,
  publisher = {Scientific Societies},
  volume = {93},
  number = {8},
  pages = {995--1005},
  author = {M. Nita and M. A. Ellis and L. V. Madden},
  title = {Reliability and Accuracy of Visual Estimation of Phomopsis Leaf Blight of Strawberry},
  journal = {Phytopathology{\textregistered}}
}

@article{Yadav2012,
  doi = {10.1111/j.1365-3059.2012.02641.x},
  url = {https://doi.org/10.1111/j.1365-3059.2012.02641.x},
  year = {2012},
  month = jul,
  publisher = {Wiley},
  volume = {62},
  number = {2},
  pages = {325--335},
  author = {N. V. S. Yadav and S. M. de Vos and C. H. Bock and B. W. Wood},
  title = {Development and validation of standard area diagrams to aid assessment of pecan scab symptoms on fruit},
  journal = {Plant Pathology}
}

@article{Yi2008,
  doi = {10.1002/sim.3110},
  url = {https://doi.org/10.1002/sim.3110},
  year = {2008},
  publisher = {Wiley},
  volume = {27},
  number = {15},
  pages = {2816--2825},
  author = {Qilong Yi and P. Peter Wang and Yaohua He},
  title = {Reliability analysis for continuous measurements: Equivalence test for agreement},
  journal = {Statistics in Medicine}
}