% Encoding: UTF-8

@TechReport{GODOY2019,
  author      = {Cláudia V. Godoy and Carlos M. Utiamada and Maurício C. Meyer and Hercules D. Campos and Ivani de O. N. Lopes and Alfredo R. Dias and Carolina C. Deuner and Cláudia B. Pimenta and David S. Jaccoud Filho and Eder N. Moreira and Edson P. Borges and Edson R. de Andrade Junior and Fabiano V. Siqueri and Fernanda C. Juliatti and Fernando C. Juliatti and Fernando Favero and Heraldo R. Feksa and Ivan Pedro Araújo Júnior and José Fernando J. Grigolli and José Nunes Junior and Luana M. de R. Belufi and Luciana C. Carneiro and Luís Henrique Carregal and Luiz Nobuo Sato and Marcelo G. Canteri and Marcelo R. Volf and Marcio Goussain and Moab D. Dias and Mônica Paula Debortoli and Mônica C. Martins and Ricardo S. Balardin and Silvânia H. Furlan and Tiago Madalosso and Valtemir J. Carlin and Wilson S. Venancio},
  title       = {Eficiência de fungicidas para o controle da ferrugem-asiática da soja, {\it Phakopsora pachyrhizi}, na safra 2018/19: Resultados sumarizados dos ensaios cooperativos},
  institution = {Embrapa Soja},
  year        = {2018},
  type        = {techreport},
  number      = {138},
  address     = {Londrina, PR},
  issn        = {2176-2864},
  url         = {http://ainfo.cnptia.embrapa.br/digital/bitstream/item/182754/1/CT138-ferrugem-OL-1.pdf},
}

@article{GODOY2016,
  doi = {10.1590/s0100-204x2016000500002},
  url = {https://doi.org/10.1590/s0100-204x2016000500002},
  year = {2016},
  month = may,
  publisher = {{FapUNIFESP} ({SciELO})},
  volume = {51},
  number = {5},
  pages = {407--421},
  author = {Cl{\'{a}}udia Vieira Godoy and Claudine Dinali Santos Seixas and Rafael Moreira Soares and Franscismar Correa Marcelino-Guimar{\~{a}}es and Maur{\'{\i}}cio Conrado Meyer and Leila Maria Costamilan},
  title = {Asian soybean rust in Brazil: past,  present,  and future},
  journal = {Pesquisa Agropecu{\'{a}}ria Brasileira}
}

@article{GODOY2006,
  doi = {10.1590/s0100-41582006000100011},
  url = {https://doi.org/10.1590/s0100-41582006000100011},
  year = {2006},
  month = feb,
  publisher = {{FapUNIFESP} ({SciELO})},
  volume = {31},
  number = {1},
  pages = {63--68},
  author = {Cl{\'{a}}udia V. Godoy and Lucimara J. Koga and Marcelo G. Canteri},
  title = {Diagrammatic scale for assessment of soybean rust severity},
  journal = {Fitopatologia Brasileira}
}

@TechReport{conab,
  author      = {{Companhia Nacional de Abastecimento}},
  title       = {Acompanhamento da Safra Brasileira de Grãos},
  institution = {Companhia Nacional de Abastecimento},
  year        = {2019},
  number      = {11},
  address     = {Brasília, DF},
  month       = {agosto},
  booktitle   = {V. 6 - SAFRA 2018/19 - N. 11 - {Décimo primeiro levantamento AGOSTO}},
  issn        = {2318-6852},
  url         = {https://www.conab.gov.br/info-agro/safras/graos/boletim-da-safra-de-graos/item/download/28059_aa1796452a062bb311354e7f32e7e664},
}



@article{klosowski2016,
  doi = {10.1094/phyto-01-16-0008-r},
  url = {https://doi.org/10.1094/phyto-01-16-0008-r},
  year = {2016},
  month = nov,
  publisher = {Scientific Societies},
  volume = {106},
  number = {11},
  pages = {1278--1284},
  author = {Ana C. Klosowski and Lutz Brahm and Gerd Stammler and Louise L. May De Mio},
  title = {Competitive Fitness of {\it Phakopsora pachyrhizi} Isolates with Mutations in the {CYP}51 and {CYTB} Genes},
  journal = {Phytopathology}
}

@article{schmitz2013,
  doi = {10.1002/ps.3562},
  url = {https://doi.org/10.1002/ps.3562},
  year = {2013},
  month = jul,
  publisher = {Wiley},
  volume = {70},
  number = {3},
  pages = {378--388},
  author = {Helena K Schmitz and Carlos Antonio Medeiros and Ian R Craig and Gerd Stammler},
  title = {Sensitivity of {\it Phakopsora pachyrhizi} towards quinone-outside-inhibitors and demethylation-inhibitors,  and corresponding resistance mechanisms},
  journal = {Pest Management Science}
}

@article{simoes2017,
  doi = {10.1007/s41348-017-0117-5},
  url = {https://doi.org/10.1007/s41348-017-0117-5},
  year = {2017},
  month = aug,
  publisher = {Springer Nature},
  volume = {125},
  number = {1},
  pages = {21--26},
  author = {Kelly Sim{\~{o}}es and Angelika Hawlik and Alexandra Rehfus and Fernando Gava and Gerd Stammler},
  title = {First detection of a {SDH} variant with reduced {SDHI} sensitivity in {\it Phakopsora pachyrhizi}},
  journal = {Journal of Plant Diseases and Protection}
}

@InProceedings{muller,
  author    = {Monica Anghinoni Muller and Gerd Stammler and Louise L. {May De Mio}},
  title     = {Adaptação de {\it Phakopsora pachyrhizi} aos fungicidas dos grupos {IDM, IQe e ISDH}},
  booktitle = {Anais do {VIII Congresso Brasileiro de Soja}},
  year      = {2018},
}

@Comment{jabref-meta: databaseType:bibtex;}



@article{Spiess2010,
  doi = {10.1186/1471-2210-10-6},
  url = {https://doi.org/10.1186/1471-2210-10-6},
  year = {2010},
  month = jun,
  publisher = {Springer Nature},
  volume = {10},
  number = {1},
  author = {Andrej-Nikolai Spiess and Natalie Neumeyer},
  title = {An evaluation of R2 as an inadequate measure for nonlinear models in pharmacological and biochemical research: a Monte Carlo approach},
  journal = {{BMC} Pharmacology}
}




@ARTICLE {@SA, FM 1987,
    author  = "Juliano SA, Williams FM",
    title   = "A comparison of methods for estimating the functional response parameters of the random predator equation",
    journal = "Anim Ecol",
    year    = "1987"
}



@article{Kvlseth1985,
  doi = {10.1080/00031305.1985.10479448},
  url = {https://doi.org/10.1080/00031305.1985.10479448},
  year = {1985},
  month = nov,
  publisher = {Informa {UK} Limited},
  volume = {39},
  number = {4},
  pages = {279--285},
  author = {Tarald O. Kv{\aa}lseth},
  title = {Cautionary Note {aboutR}2},
  journal = {The American Statistician}
}

@article{ColinCameron1997,
  doi = {10.1016/s0304-4076(96)01818-0},
  url = {https://doi.org/10.1016/s0304-4076(96)01818-0},
  year = {1997},
  month = apr,
  publisher = {Elsevier {BV}},
  volume = {77},
  number = {2},
  pages = {329--342},
  author = {A. Colin Cameron and Frank A.G. Windmeijer},
  title = {An R-squared measure of goodness of fit for some common nonlinear regression models},
  journal = {Journal of Econometrics}
}


@TECHREPORT {CAF 2018,
    author      = "Embrapa",
    title       = "Custo da ferrugem asiática da soja",
    institution = "Embrapa - Empresa Brasileira de Pesquisa Agropecuaria",
    year        = "2018",
    note        = "Disponível em: <http://www.consorcioantiferrugem.net/>. Acesso em: 23 nov. 2019."
}


@article{GOELLNER2010,
  doi = {10.1111/j.1364-3703.2009.00589.x},
  url = {https://doi.org/10.1111/j.1364-3703.2009.00589.x},
  year = {2010},
  month = mar,
  publisher = {Wiley},
  volume = {11},
  number = {2},
  pages = {169--177},
  author = {KATHARINA GOELLNER and MARCO LOEHRER and CASPAR LANGENBACH and UWE CONRATH and ECKHARD KOCH and ULRICH SCHAFFRATH},
  title = {Phakopsora pachyrhizi,  the causal agent of Asian soybean rust},
  journal = {Molecular Plant Pathology}
}

@article{Hartman2011,
  doi = {10.1007/s12571-010-0108-x},
  url = {https://doi.org/10.1007/s12571-010-0108-x},
  year = {2011},
  month = jan,
  publisher = {Springer Science and Business Media {LLC}},
  volume = {3},
  number = {1},
  pages = {5--17},
  author = {Glen L. Hartman and Ellen D. West and Theresa K. Herman},
  title = {Crops that feed the World 2. Soybean{\textemdash}worldwide production,  use,  and constraints caused by pathogens and pests},
  journal = {Food Security}
}


@article{Yorinori2005,
  doi = {10.1094/pd-89-0675},
  url = {https://doi.org/10.1094/pd-89-0675},
  year = {2005},
  month = jun,
  publisher = {Scientific Societies},
  volume = {89},
  number = {6},
  pages = {675--677},
  author = {J. T. Yorinori and W. M. Paiva and R. D. Frederick and L. M. Costamilan and P. F. Bertagnolli and G. E. Hartman and C. V. Godoy and J. Nunes},
  title = {Epidemics of Soybean Rust (Phakopsora pachyrhizi) in Brazil and Paraguay from 2001 to 2003},
  journal = {Plant Disease}
}


@article{Murithi2015,
  doi = {10.1111/ppa.12457},
  url = {https://doi.org/10.1111/ppa.12457},
  year = {2015},
  month = oct,
  publisher = {Wiley},
  volume = {65},
  number = {2},
  pages = {176--188},
  author = {H. M. Murithi and F. Beed and P. Tukamuhabwa and B. P. H. J. Thomma and M. H. A. J. Joosten},
  title = {Soybean production in eastern and southern Africa and threat of yield loss due to soybean rust caused {byPhakopsora} pachyrhizi},
  journal = {Plant Pathology}
}


@article{Brown2002,
  doi = {10.1126/science.1072678},
  url = {https://doi.org/10.1126/science.1072678},
  year = {2002},
  month = jul,
  publisher = {American Association for the Advancement of Science ({AAAS})},
  volume = {297},
  number = {5581},
  pages = {537--541},
  author = {J. K. M. Brown},
  title = {Aerial Dispersal of Pathogens on the Global and Continental Scales and Its Impact on Plant Disease},
  journal = {Science}
}


@TECHREPORT {@Scherb,
    author      = "Scherb, C. T; Mehl",
    title       = "Phakopsora pachyrhizi: detached leaf test",
    institution = "FRAC -  Fungicide Resistance Action Committee",
    year        = "2006",
    note        = "Disponível em: <http://www.frac.
info/frac/Monitoring_Methods/anhang/PHAKPA_detached_leaf_monito-
ring_method_BCS_2006_V1.pdf>. Acesso em : 10 out. 2019."
}




@BOOK {Reis, 2007,
    author    = "Reis EM, Forcelini CAE, Reis A C",
    title     = "Manual de fungicidas: guia para o controle de doenças de plantas",
    publisher = "Passo Fundo: Universidade de Passo Fundo",
    year      = "2007",
    note      = "Reis EM, Forcelini CAE, Reis A C (2007). Manual de fungicidas: guia para o controle de doenças de plantas. 5. ed. rev. e ampl. Passo Fundo: Universidade de Passo Fundo."
}
