% This file was created with JabRef 2.10.
% Encoding: UTF-8


@Manual{RCoreTeam2019,
  Title                    = {R: A Language and Environment for Statistical Computing},

  Address                  = {Vienna, Austria},
  Author                   = {{R Core Team}},
  Organization             = {R Foundation for Statistical Computing},
  Year                     = {2019},

  Url                      = {https://www.R-project.org/}
}

@article{Ritz2015,
author = {Ritz, Christian and Baty, Florent and Streibig, Jens C. and Gerhard, Daniel},
doi = {10.1371/journal.pone.0146021},
isbn = {1932-6203},
issn = {19326203},
journal = {Plos One},
number = {12},
pages = {1--13},
pmid = {26717316},
title = {{Dose-response analysis using R}},
volume = {10},
year = {2015}
}

@unpublished{Ritz2016,
author = {Ritz, Christian and Strebig, Jens C},
booktitle = {R Project},
pages = {149},
title = {{Package 'drc': Analysis of Dose-Response Curves}},
url = {https://cran.r-project.org/web/packages/drc/drc.pdf},
year = {2016}
}

@incollection{HuntHandoo2009,
address = {Wallingford - UK},
author = {Hunt, David J. and Handoo, Zafar A.},
booktitle = {Root-knot Nematodes},
chapter = {3},
doi = {10.1079/9781845934927.0055},
edition = {1},
editor = {Perry, Roland N. and Moens, Maurice and Starr, James L.},
file = {:E$\backslash$:/Mendeley/HUNT {\&} HANDOO, 2009.pdf:pdf},
isbn = {9781845934927},
number = {October 2009},
pages = {55--97},
publisher = {CABI Publishing},
title = {{Taxonomy, identification and principal species}},
year = {2009}
}

@book{Perry2009,
address = {Wallingford - UK},
author = {Perry, Roland N. and Moens, Maurice and Starr, James L.},
edition = {1},
file = {:E$\backslash$:/Mendeley/PERRY et al, 2009.pdf:pdf},
isbn = {9781845934927},
pages = {530},
publisher = {Wallingford - UK},
title = {{Rootknot nematodes}},
year = {2009}
}

@article{Seefeldt1995,
archivePrefix = {arXiv},
arxivId = {arXiv:1011.1669v3},
author = {Seefeldt, Steven S and Jensen, Jens Erik and Fuerst, E Patrick},
doi = {10.1017/S0890037X00023253},
eprint = {arXiv:1011.1669v3},
file = {:C$\backslash$:/Users/agrom/AppData/Local/Mendeley Ltd./Mendeley Desktop/Downloaded/Seefeldt, Jensen, Fuerst - 1995 - Log-logistic analysis of herbicide dose-response relationships.pdf:pdf},
isbn = {0890-037X},
issn = {0890-037X},
journal = {Weed Technology},
number = {2},
pages = {218--227},
pmid = {25246403},
title = {{Log-logistic analysis of herbicide dose-response relationships}},
url = {https://www.cambridge.org/core/product/identifier/S0890037X00023253/type/journal{\_}article},
volume = {9},
year = {1995}
}

@article{Knezevic2007,
author = {Knezevic, Stevan Z. and Streibig, Jens C. and Ritz, Christian},
doi = {10.1614/wt-06-161.1},
file = {:E$\backslash$:/Mendeley/KNEZEVIC et al, 2007.pdf:pdf},
issn = {0890-037X},
journal = {Weed Technology},
keywords = {1494-,1541,500 years ago,experimental design,in the fifteenth century,is in,nonlinear regression,paracelsus,suggested that the poison,the importance of dose,was recognized more than,weed dry matter,who practiced alchemy},
number = {3},
pages = {840--848},
title = {{Utilizing R software package for Dose-Response studies: The concept and data analysis}},
volume = {21},
year = {2007}
}
