@article{Copes2008,
  doi = {10.1094/pdis-92-8-1177},
  url = {https://doi.org/10.1094/pdis-92-8-1177},
  year = {2008},
  month = aug,
  publisher = {Scientific Societies},
  volume = {92},
  number = {8},
  pages = {1177--1182},
  author = {W. E. Copes and J. L. Thomson},
  title = {Survival Analysis to Determine the Length of the Incubation Period of Camellia Twig Blight Caused {byColletotrichum} gloeosporioides},
  journal = {Plant Disease}
}

@article{Ojiambo2005,
  doi = {10.1094/phyto-95-0108},
  url = {https://doi.org/10.1094/phyto-95-0108},
  year = {2005},
  month = jan,
  publisher = {Scientific Societies},
  volume = {95},
  number = {1},
  pages = {108--113},
  author = {P. S. Ojiambo and H. Scherm},
  title = {Survival Analysis of Time to Abscission of Blueberry Leaves Affected by Septoria Leaf Spot},
  journal = {Phytopathology}
}